%YAML 1.1
%TAG !u! tag:unity3d.com,2011:
--- !u!65 &3725351039007552282
BoxCollider:
  m_ObjectHideFlags: 0
  m_CorrespondingSourceObject: {fileID: 0}
  m_PrefabInstance: {fileID: 0}
  m_PrefabAsset: {fileID: 0}
  m_GameObject: {fileID: 3835485281288811407}
  m_Material: {fileID: 0}
  m_IsTrigger: 0
  m_Enabled: 1
  serializedVersion: 2
  m_Size: {x: 1, y: 1, z: 1}
  m_Center: {x: 0, y: 0, z: 0}
--- !u!1 &3976000800428849681
GameObject:
  m_ObjectHideFlags: 0
  m_CorrespondingSourceObject: {fileID: 0}
  m_PrefabInstance: {fileID: 0}
  m_PrefabAsset: {fileID: 0}
  serializedVersion: 6
  m_Component:
  - component: {fileID: 3976000800429135473}
  - component: {fileID: 3976000800436044199}
  m_Layer: 0
  m_Name: "\u043E"
  m_TagString: Untagged
  m_Icon: {fileID: 0}
  m_NavMeshLayer: 0
  m_StaticEditorFlags: 0
  m_IsActive: 1
--- !u!4 &3976000800429135473
Transform:
  m_ObjectHideFlags: 0
  m_CorrespondingSourceObject: {fileID: 0}
  m_PrefabInstance: {fileID: 0}
  m_PrefabAsset: {fileID: 0}
  m_GameObject: {fileID: 3976000800428849681}
  m_LocalRotation: {x: 0, y: 0.7071068, z: 0.7071068, w: 0}
  m_LocalPosition: {x: 0, y: -0, z: 3}
  m_LocalScale: {x: 1, y: 1, z: 1}
  m_Children:
  - {fileID: 5400210207662027459}
  m_Father: {fileID: 9179958327679621765}
  m_RootOrder: 0
  m_LocalEulerAnglesHint: {x: -90, y: 180, z: 0}
--- !u!95 &3976000800436044199
Animator:
  serializedVersion: 3
  m_ObjectHideFlags: 0
  m_CorrespondingSourceObject: {fileID: 0}
  m_PrefabInstance: {fileID: 0}
  m_PrefabAsset: {fileID: 0}
  m_GameObject: {fileID: 3976000800428849681}
  m_Enabled: 1
  m_Avatar: {fileID: 9000000, guid: 918505596e65abf468bbdb3835967141, type: 3}
  m_Controller: {fileID: 0}
  m_CullingMode: 0
  m_UpdateMode: 0
  m_ApplyRootMotion: 0
  m_LinearVelocityBlending: 0
  m_WarningMessage: 
  m_HasTransformHierarchy: 1
  m_AllowConstantClipSamplingOptimization: 1
  m_KeepAnimatorControllerStateOnDisable: 0
--- !u!1001 &3836041005633074557
PrefabInstance:
  m_ObjectHideFlags: 0
  serializedVersion: 2
  m_Modification:
    m_TransformParent: {fileID: 0}
    m_Modifications:
    - target: {fileID: 1934569588295450, guid: b34b6c8f1206a6844b983e23b9da0441, type: 3}
      propertyPath: m_Name
      value: 1AR Placed Cube Variant
      objectReference: {fileID: 0}
    - target: {fileID: 4181027171868550, guid: b34b6c8f1206a6844b983e23b9da0441, type: 3}
      propertyPath: m_LocalPosition.x
      value: 0
      objectReference: {fileID: 0}
    - target: {fileID: 4181027171868550, guid: b34b6c8f1206a6844b983e23b9da0441, type: 3}
      propertyPath: m_LocalPosition.y
      value: 0
      objectReference: {fileID: 0}
    - target: {fileID: 4181027171868550, guid: b34b6c8f1206a6844b983e23b9da0441, type: 3}
      propertyPath: m_LocalPosition.z
      value: 0
      objectReference: {fileID: 0}
    - target: {fileID: 4181027171868550, guid: b34b6c8f1206a6844b983e23b9da0441, type: 3}
      propertyPath: m_LocalRotation.x
      value: 0
      objectReference: {fileID: 0}
    - target: {fileID: 4181027171868550, guid: b34b6c8f1206a6844b983e23b9da0441, type: 3}
      propertyPath: m_LocalRotation.y
      value: 0
      objectReference: {fileID: 0}
    - target: {fileID: 4181027171868550, guid: b34b6c8f1206a6844b983e23b9da0441, type: 3}
      propertyPath: m_LocalRotation.z
      value: 0
      objectReference: {fileID: 0}
    - target: {fileID: 4181027171868550, guid: b34b6c8f1206a6844b983e23b9da0441, type: 3}
      propertyPath: m_LocalRotation.w
      value: 1
      objectReference: {fileID: 0}
    - target: {fileID: 4181027171868550, guid: b34b6c8f1206a6844b983e23b9da0441, type: 3}
      propertyPath: m_RootOrder
      value: 0
      objectReference: {fileID: 0}
    - target: {fileID: 4181027171868550, guid: b34b6c8f1206a6844b983e23b9da0441, type: 3}
      propertyPath: m_LocalEulerAnglesHint.x
      value: 0
      objectReference: {fileID: 0}
    - target: {fileID: 4181027171868550, guid: b34b6c8f1206a6844b983e23b9da0441, type: 3}
      propertyPath: m_LocalEulerAnglesHint.y
      value: 0
      objectReference: {fileID: 0}
    - target: {fileID: 4181027171868550, guid: b34b6c8f1206a6844b983e23b9da0441, type: 3}
      propertyPath: m_LocalEulerAnglesHint.z
      value: 0
      objectReference: {fileID: 0}
    m_RemovedComponents: []
  m_SourcePrefab: {fileID: 100100000, guid: b34b6c8f1206a6844b983e23b9da0441, type: 3}
--- !u!1 &3835485281288811407 stripped
GameObject:
  m_CorrespondingSourceObject: {fileID: 1754213505959666, guid: b34b6c8f1206a6844b983e23b9da0441,
    type: 3}
  m_PrefabInstance: {fileID: 3836041005633074557}
  m_PrefabAsset: {fileID: 0}
--- !u!4 &9179958327679621765 stripped
Transform:
  m_CorrespondingSourceObject: {fileID: 5357482068151169016, guid: b34b6c8f1206a6844b983e23b9da0441,
    type: 3}
  m_PrefabInstance: {fileID: 3836041005633074557}
  m_PrefabAsset: {fileID: 0}
--- !u!1001 &7681309680875598815
PrefabInstance:
  m_ObjectHideFlags: 0
  serializedVersion: 2
  m_Modification:
    m_TransformParent: {fileID: 3976000800429135473}
    m_Modifications:
    - target: {fileID: 6650119431044133638, guid: 1cc6be9280531c146a984e695ea83d04,
        type: 3}
      propertyPath: m_Name
      value: GameObject
      objectReference: {fileID: 0}
    - target: {fileID: 2335143789866893596, guid: 1cc6be9280531c146a984e695ea83d04,
        type: 3}
      propertyPath: m_LocalPosition.x
      value: -82.54123
      objectReference: {fileID: 0}
    - target: {fileID: 2335143789866893596, guid: 1cc6be9280531c146a984e695ea83d04,
        type: 3}
      propertyPath: m_LocalPosition.y
      value: 588.8803
      objectReference: {fileID: 0}
    - target: {fileID: 2335143789866893596, guid: 1cc6be9280531c146a984e695ea83d04,
        type: 3}
      propertyPath: m_LocalPosition.z
      value: 6.7454224
      objectReference: {fileID: 0}
    - target: {fileID: 2335143789866893596, guid: 1cc6be9280531c146a984e695ea83d04,
        type: 3}
      propertyPath: m_LocalRotation.x
      value: -0
      objectReference: {fileID: 0}
    - target: {fileID: 2335143789866893596, guid: 1cc6be9280531c146a984e695ea83d04,
        type: 3}
      propertyPath: m_LocalRotation.y
      value: -0
      objectReference: {fileID: 0}
    - target: {fileID: 2335143789866893596, guid: 1cc6be9280531c146a984e695ea83d04,
        type: 3}
      propertyPath: m_LocalRotation.z
      value: 6.123234e-17
      objectReference: {fileID: 0}
    - target: {fileID: 2335143789866893596, guid: 1cc6be9280531c146a984e695ea83d04,
        type: 3}
      propertyPath: m_LocalRotation.w
      value: -1
      objectReference: {fileID: 0}
    - target: {fileID: 2335143789866893596, guid: 1cc6be9280531c146a984e695ea83d04,
        type: 3}
      propertyPath: m_RootOrder
      value: 0
      objectReference: {fileID: 0}
    - target: {fileID: 2335143789866893596, guid: 1cc6be9280531c146a984e695ea83d04,
        type: 3}
      propertyPath: m_LocalEulerAnglesHint.x
      value: 0
      objectReference: {fileID: 0}
    - target: {fileID: 2335143789866893596, guid: 1cc6be9280531c146a984e695ea83d04,
        type: 3}
      propertyPath: m_LocalEulerAnglesHint.y
      value: 0
      objectReference: {fileID: 0}
    - target: {fileID: 2335143789866893596, guid: 1cc6be9280531c146a984e695ea83d04,
        type: 3}
      propertyPath: m_LocalEulerAnglesHint.z
      value: 0
      objectReference: {fileID: 0}
    m_RemovedComponents: []
  m_SourcePrefab: {fileID: 100100000, guid: 1cc6be9280531c146a984e695ea83d04, type: 3}
--- !u!4 &5400210207662027459 stripped
Transform:
  m_CorrespondingSourceObject: {fileID: 2335143789866893596, guid: 1cc6be9280531c146a984e695ea83d04,
    type: 3}
  m_PrefabInstance: {fileID: 7681309680875598815}
  m_PrefabAsset: {fileID: 0}
