%YAML 1.1
%TAG !u! tag:unity3d.com,2011:
--- !u!1 &866750795380265662
GameObject:
  m_ObjectHideFlags: 0
  m_CorrespondingSourceObject: {fileID: 0}
  m_PrefabInstance: {fileID: 0}
  m_PrefabAsset: {fileID: 0}
  serializedVersion: 6
  m_Component:
  - component: {fileID: 869006323857426978}
  m_Layer: 0
  m_Name: AR Placed Cube 1
  m_TagString: Untagged
  m_Icon: {fileID: 0}
  m_NavMeshLayer: 0
  m_StaticEditorFlags: 0
  m_IsActive: 1
--- !u!4 &869006323857426978
Transform:
  m_ObjectHideFlags: 0
  m_CorrespondingSourceObject: {fileID: 0}
  m_PrefabInstance: {fileID: 0}
  m_PrefabAsset: {fileID: 0}
  m_GameObject: {fileID: 866750795380265662}
  m_LocalRotation: {x: 0, y: 0, z: 0, w: 1}
  m_LocalPosition: {x: 0, y: 0, z: 0}
  m_LocalScale: {x: 1, y: 1, z: 1}
  m_Children:
  - {fileID: 868878548471195094}
  m_Father: {fileID: 0}
  m_RootOrder: 0
  m_LocalEulerAnglesHint: {x: 0, y: 0, z: 0}
--- !u!1 &866860774915904342
GameObject:
  m_ObjectHideFlags: 0
  m_CorrespondingSourceObject: {fileID: 0}
  m_PrefabInstance: {fileID: 0}
  m_PrefabAsset: {fileID: 0}
  serializedVersion: 6
  m_Component:
  - component: {fileID: 868878548471195094}
  - component: {fileID: 897363458826322384}
  - component: {fileID: 888748761513418834}
  - component: {fileID: 930039482762410918}
  m_Layer: 0
  m_Name: Cube
  m_TagString: Untagged
  m_Icon: {fileID: 0}
  m_NavMeshLayer: 0
  m_StaticEditorFlags: 0
  m_IsActive: 1
--- !u!4 &868878548471195094
Transform:
  m_ObjectHideFlags: 0
  m_CorrespondingSourceObject: {fileID: 0}
  m_PrefabInstance: {fileID: 0}
  m_PrefabAsset: {fileID: 0}
  m_GameObject: {fileID: 866860774915904342}
  m_LocalRotation: {x: 0, y: 0, z: 0, w: 1}
  m_LocalPosition: {x: 0, y: 0.025, z: 0}
  m_LocalScale: {x: 0.05, y: 0.05, z: 0.05}
  m_Children:
  - {fileID: 5068827445904013916}
  m_Father: {fileID: 869006323857426978}
  m_RootOrder: 0
  m_LocalEulerAnglesHint: {x: 0, y: 0, z: 0}
--- !u!33 &897363458826322384
MeshFilter:
  m_ObjectHideFlags: 0
  m_CorrespondingSourceObject: {fileID: 0}
  m_PrefabInstance: {fileID: 0}
  m_PrefabAsset: {fileID: 0}
  m_GameObject: {fileID: 866860774915904342}
  m_Mesh: {fileID: 10202, guid: 0000000000000000e000000000000000, type: 0}
--- !u!23 &888748761513418834
MeshRenderer:
  m_ObjectHideFlags: 0
  m_CorrespondingSourceObject: {fileID: 0}
  m_PrefabInstance: {fileID: 0}
  m_PrefabAsset: {fileID: 0}
  m_GameObject: {fileID: 866860774915904342}
  m_Enabled: 1
  m_CastShadows: 1
  m_ReceiveShadows: 1
  m_DynamicOccludee: 1
  m_MotionVectors: 1
  m_LightProbeUsage: 1
  m_ReflectionProbeUsage: 1
  m_RenderingLayerMask: 4294967295
  m_RendererPriority: 0
  m_Materials:
  - {fileID: 2100000, guid: 9b5d75722d424804fa0c0efaa228c3db, type: 2}
  m_StaticBatchInfo:
    firstSubMesh: 0
    subMeshCount: 0
  m_StaticBatchRoot: {fileID: 0}
  m_ProbeAnchor: {fileID: 0}
  m_LightProbeVolumeOverride: {fileID: 0}
  m_ScaleInLightmap: 1
  m_PreserveUVs: 0
  m_IgnoreNormalsForChartDetection: 0
  m_ImportantGI: 0
  m_StitchLightmapSeams: 0
  m_SelectedEditorRenderState: 3
  m_MinimumChartSize: 4
  m_AutoUVMaxDistance: 0.5
  m_AutoUVMaxAngle: 89
  m_LightmapParameters: {fileID: 0}
  m_SortingLayerID: 0
  m_SortingLayer: 0
  m_SortingOrder: 0
--- !u!65 &930039482762410918
BoxCollider:
  m_ObjectHideFlags: 0
  m_CorrespondingSourceObject: {fileID: 0}
  m_PrefabInstance: {fileID: 0}
  m_PrefabAsset: {fileID: 0}
  m_GameObject: {fileID: 866860774915904342}
  m_Material: {fileID: 0}
  m_IsTrigger: 0
  m_Enabled: 1
  serializedVersion: 2
  m_Size: {x: 1, y: 1, z: 1}
  m_Center: {x: 0, y: 0, z: 0}
--- !u!1001 &5586404700910931164
PrefabInstance:
  m_ObjectHideFlags: 0
  serializedVersion: 2
  m_Modification:
    m_TransformParent: {fileID: 868878548471195094}
    m_Modifications:
    - target: {fileID: 855387949943046880, guid: d4595d192c0b75b40a47ce8cfe753682,
        type: 3}
      propertyPath: m_Name
      value: "\u041E\u0442\u0432\u043E\u0434\u044F\u0449\u0430\u044F \u0441\u0438\u0441\u0442\u0435\u043C\u0430.nwd"
      objectReference: {fileID: 0}
    - target: {fileID: 855387949943338624, guid: d4595d192c0b75b40a47ce8cfe753682,
        type: 3}
      propertyPath: m_LocalPosition.x
      value: 0
      objectReference: {fileID: 0}
    - target: {fileID: 855387949943338624, guid: d4595d192c0b75b40a47ce8cfe753682,
        type: 3}
      propertyPath: m_LocalPosition.y
      value: -991.9
      objectReference: {fileID: 0}
    - target: {fileID: 855387949943338624, guid: d4595d192c0b75b40a47ce8cfe753682,
        type: 3}
      propertyPath: m_LocalPosition.z
      value: -0
      objectReference: {fileID: 0}
    - target: {fileID: 855387949943338624, guid: d4595d192c0b75b40a47ce8cfe753682,
        type: 3}
      propertyPath: m_LocalRotation.x
      value: -4.3297806e-17
      objectReference: {fileID: 0}
    - target: {fileID: 855387949943338624, guid: d4595d192c0b75b40a47ce8cfe753682,
        type: 3}
      propertyPath: m_LocalRotation.y
      value: 0.7071068
      objectReference: {fileID: 0}
    - target: {fileID: 855387949943338624, guid: d4595d192c0b75b40a47ce8cfe753682,
        type: 3}
      propertyPath: m_LocalRotation.z
      value: 0.7071068
      objectReference: {fileID: 0}
    - target: {fileID: 855387949943338624, guid: d4595d192c0b75b40a47ce8cfe753682,
        type: 3}
      propertyPath: m_LocalRotation.w
      value: -4.3297806e-17
      objectReference: {fileID: 0}
    - target: {fileID: 855387949943338624, guid: d4595d192c0b75b40a47ce8cfe753682,
        type: 3}
      propertyPath: m_RootOrder
      value: 0
      objectReference: {fileID: 0}
    - target: {fileID: 855387949943338624, guid: d4595d192c0b75b40a47ce8cfe753682,
        type: 3}
      propertyPath: m_LocalEulerAnglesHint.x
      value: 0
      objectReference: {fileID: 0}
    - target: {fileID: 855387949943338624, guid: d4595d192c0b75b40a47ce8cfe753682,
        type: 3}
      propertyPath: m_LocalEulerAnglesHint.y
      value: 0
      objectReference: {fileID: 0}
    - target: {fileID: 855387949943338624, guid: d4595d192c0b75b40a47ce8cfe753682,
        type: 3}
      propertyPath: m_LocalEulerAnglesHint.z
      value: 0
      objectReference: {fileID: 0}
    - target: {fileID: 855387949943338624, guid: d4595d192c0b75b40a47ce8cfe753682,
        type: 3}
      propertyPath: m_LocalScale.x
      value: 1
      objectReference: {fileID: 0}
    - target: {fileID: 855387949943338624, guid: d4595d192c0b75b40a47ce8cfe753682,
        type: 3}
      propertyPath: m_LocalScale.y
      value: 1
      objectReference: {fileID: 0}
    - target: {fileID: 855387949943338624, guid: d4595d192c0b75b40a47ce8cfe753682,
        type: 3}
      propertyPath: m_LocalScale.z
      value: 1
      objectReference: {fileID: 0}
    m_RemovedComponents: []
  m_SourcePrefab: {fileID: 100100000, guid: d4595d192c0b75b40a47ce8cfe753682, type: 3}
--- !u!4 &5068827445904013916 stripped
Transform:
  m_CorrespondingSourceObject: {fileID: 855387949943338624, guid: d4595d192c0b75b40a47ce8cfe753682,
    type: 3}
  m_PrefabInstance: {fileID: 5586404700910931164}
  m_PrefabAsset: {fileID: 0}
